
    <zs:record>
      <zs:recordSchema/>
      <zs:recordPacking>xml</zs:recordPacking>
      <zs:recordData>
        <record xmlns="http://www.loc.gov/MARC21/slim">
          <leader>01125cam a2200313   4500</leader>
          <controlfield tag="001">1274648</controlfield>
          <controlfield tag="005">20230227163806.0</controlfield>
          <controlfield tag="008">730129r19731930nyu           001 0 eng  </controlfield>
          <datafield tag="906" ind1=" " ind2=" ">
            <subfield code="a">7</subfield>
            <subfield code="b">cbc</subfield>
            <subfield code="c">orignew</subfield>
            <subfield code="d">1</subfield>
            <subfield code="e">ncip</subfield>
            <subfield code="f">19</subfield>
            <subfield code="g">y-gencatlg</subfield>
          </datafield>
          <datafield tag="955" ind1=" " ind2=" ">
            <subfield code="u">ma02 2023-02-27 telework</subfield>
          </datafield>
          <datafield tag="035" ind1=" " ind2=" ">
            <subfield code="9">(DLC)   75178554</subfield>
          </datafield>
          <datafield tag="010" ind1=" " ind2=" ">
            <subfield code="a">   75178554 </subfield>
          </datafield>
          <datafield tag="020" ind1=" " ind2=" ">
            <subfield code="a">0404566898</subfield>
          </datafield>
          <datafield tag="040" ind1=" " ind2=" ">
            <subfield code="a">DLC</subfield>
            <subfield code="c">DLC</subfield>
            <subfield code="d">DLC</subfield>
          </datafield>
          <datafield tag="043" ind1=" " ind2=" ">
            <subfield code="a">e-uk---</subfield>
          </datafield>
          <datafield tag="050" ind1="0" ind2="0">
            <subfield code="a">KD1512</subfield>
            <subfield code="b">.W45 1973</subfield>
          </datafield>
          <datafield tag="082" ind1="0" ind2="0">
            <subfield code="a">929/.3/42</subfield>
          </datafield>
          <datafield tag="100" ind1="1" ind2=" ">
            <subfield code="a">Whitelock, Dorothy,</subfield>
            <subfield code="e">editor,</subfield>
            <subfield code="e">translator.</subfield>
          </datafield>
          <datafield tag="245" ind1="1" ind2="0">
            <subfield code="a">Anglo-Saxon wills,</subfield>
            <subfield code="c">edited with translations and notes by Dorothy Whitelock. Cambridge, University Press, 1930.</subfield>
          </datafield>
          <datafield tag="260" ind1=" " ind2=" ">
            <subfield code="a">[New York,</subfield>
            <subfield code="b">AMS Press,</subfield>
            <subfield code="c">1973]</subfield>
          </datafield>
          <datafield tag="300" ind1=" " ind2=" ">
            <subfield code="a">xlvi, 244 p.</subfield>
            <subfield code="c">22 cm.</subfield>
          </datafield>
          <datafield tag="350" ind1=" " ind2=" ">
            <subfield code="a">$15.00</subfield>
          </datafield>
          <datafield tag="500" ind1=" " ind2=" ">
            <subfield code="a">Original ed. issued in series: Cambridge studies in English legal history.</subfield>
          </datafield>
          <datafield tag="650" ind1=" " ind2="0">
            <subfield code="a">Wills</subfield>
            <subfield code="z">Great Britain.</subfield>
          </datafield>
          <datafield tag="650" ind1=" " ind2="0">
            <subfield code="a">English language</subfield>
            <subfield code="y">Old English, ca. 450-1100</subfield>
            <subfield code="x">Texts.</subfield>
          </datafield>
          <datafield tag="650" ind1=" " ind2="0">
            <subfield code="a">Law, Medieval</subfield>
            <subfield code="x">Sources.</subfield>
          </datafield>
          <datafield tag="650" ind1=" " ind2="0">
            <subfield code="a">Anglo-Saxons</subfield>
            <subfield code="x">Sources.</subfield>
          </datafield>
          <datafield tag="830" ind1=" " ind2="0">
            <subfield code="a">Cambridge studies in English legal history.</subfield>
          </datafield>
          <datafield tag="991" ind1=" " ind2=" ">
            <subfield code="b">c-LL</subfield>
            <subfield code="h">KD1512</subfield>
            <subfield code="i">.W45 1973</subfield>
            <subfield code="p">00018715077</subfield>
            <subfield code="t">Copy 1</subfield>
            <subfield code="w">BOOKS</subfield>
          </datafield>
        </record>
      </zs:recordData>
      <zs:recordPosition>12</zs:recordPosition>
    </zs:record>